<record><leader>03234cam a2200433 i 4500</leader><controlfield tag="001">6625704</controlfield><controlfield tag="003">FlBoTFG</controlfield><controlfield tag="005">20140625145322.0</controlfield><controlfield tag="006">m    |o  d |      </controlfield><controlfield tag="007">cr |||</controlfield><controlfield tag="008">140625t20152015fluad   ob    001 0 eng d</controlfield><datafield ind1=" " ind2=" " tag="020"><subfield code="a">9781466580466 (e-book : PDF)</subfield></datafield><datafield ind1=" " ind2=" " tag="035"><subfield code="a">ocn882795190</subfield></datafield><datafield ind1=" " ind2=" " tag="039"><subfield code="a">exclude</subfield></datafield><datafield ind1=" " ind2=" " tag="040"><subfield code="a">FlBoTFG</subfield><subfield code="b">eng</subfield><subfield code="c">FlBoTFG</subfield><subfield code="e">rda</subfield><subfield code="d">AEU</subfield></datafield><datafield ind1=" " ind2="4" tag="050"><subfield code="a">RC691</subfield><subfield code="b">.V37 2015</subfield></datafield><datafield ind1=" " ind2=" " tag="090"><subfield code="a">Internet Access</subfield><subfield code="b">AEU</subfield></datafield><datafield ind1="0" ind2="0" tag="245"><subfield code="a">Vascularization :</subfield><subfield code="b">regenerative medicine and tissue engineering /</subfield><subfield code="c">edited by Eric M. Brey.</subfield></datafield><datafield ind1=" " ind2="1" tag="264"><subfield code="a">Boca Raton, FL :</subfield><subfield code="b">Taylor &amp; Francis/CRC Press,</subfield><subfield code="c">[2015]</subfield></datafield><datafield ind1=" " ind2="4" tag="264"><subfield code="c">&#169;2015</subfield></datafield><datafield ind1=" " ind2=" " tag="300"><subfield code="a">1 online resource :</subfield><subfield code="b">text file, PDF</subfield></datafield><datafield ind1=" " ind2=" " tag="336"><subfield code="a">text</subfield><subfield code="2">rdacontent</subfield></datafield><datafield ind1=" " ind2=" " tag="337"><subfield code="a">computer</subfield><subfield code="2">rdamedia</subfield></datafield><datafield ind1=" " ind2=" " tag="338"><subfield code="a">online resource</subfield><subfield code="2">rdacarrier</subfield></datafield><datafield ind1=" " ind2=" " tag="504"><subfield code="a">Includes bibliographical references and index.</subfield></datafield><datafield ind1="0" ind2=" " tag="505"><subfield code="a">Cells -- Biomaterials -- Models -- Imaging -- Vascularized tissues.</subfield></datafield><datafield ind1=" " ind2=" " tag="506"><subfield code="a">Access restricted to authorized users and institutions.</subfield></datafield><datafield ind1=" " ind2=" " tag="520"><subfield code="a">"The first federally-funded meeting on tissue engineering was in 1988. In this and subsequent meetings, the fields of tissue engineering and regenerative medicine (TERM) have been described as having the potential to revolutionize clinical approaches to the replacement, reconstruction or regeneration of organs and tissues. While TERM research has resulted in new patient treatments, the broad impact on clinical practice envisioned has not been achieved. The development of new TERM therapies that have significant clinical impact requires the ability to control vascularization, the process of new vessel assembly. The circulatory system plays a number of vital roles in regenerating and functioning tissues. It supplies oxygen and nutrients, removes wastes and is a source of multiple cell types required to respond to changing physiological conditions. For nearly every TERM application, the ability to enhance, regenerate or engineer new tissues requires spatial and temporal control over the process of vascularization. While vascularization is being studied in a number of physiologic and pathologic processes, TERM applications present distinct challenges. For example, unique microenvironmental conditions result from biomaterial and cell combinations used in TERM applications that are not encountered in any other system. In addition, clinical applications require vascularization of large tissue volumes within time frames that are much lower than those found during vascularization in development and typical physiologic processes. These requirements place significant constraints on the design of TERM therapies"--Provided by publisher.</subfield></datafield><datafield ind1=" " ind2=" " tag="596"><subfield code="a">44</subfield></datafield><datafield ind1=" " ind2="0" tag="650"><subfield code="a">Blood-vessels</subfield><subfield code="x">Surgery.</subfield></datafield><datafield ind1=" " ind2="0" tag="650"><subfield code="a">Blood-vessels.</subfield></datafield><datafield ind1=" " ind2="0" tag="650"><subfield code="a">Blood-vessels</subfield><subfield code="x">Physiology.</subfield></datafield><datafield ind1=" " ind2="0" tag="650"><subfield code="a">Regenerative medicine.</subfield></datafield><datafield ind1=" " ind2="0" tag="650"><subfield code="a">Tissue engineering.</subfield></datafield><datafield ind1=" " ind2="0" tag="650"><subfield code="a">Transplantation of organs, tissues, etc.</subfield></datafield><datafield ind1="1" ind2=" " tag="700"><subfield code="a">Brey, Eric M.,</subfield><subfield code="e">editor.</subfield></datafield><datafield ind1="4" ind2="0" tag="856"><subfield code="3">University of Alberta Access</subfield><subfield code="u">http://marc.crcnetbase.com/isbn/9781466580466</subfield><subfield code="z">(Unlimited Concurrent Users)</subfield></datafield><datafield ind1=" " ind2=" " tag="949"><subfield code="h">UAIN</subfield><subfield code="z">CRC</subfield></datafield><datafield ind1=" " ind2=" " tag="926"><subfield code="a">Internet Access</subfield><subfield code="w">LC</subfield><subfield code="c">1</subfield><subfield code="i">6625704-1001</subfield><subfield code="l">INTERNET</subfield><subfield code="m">UAINTERNET</subfield><subfield code="r">Y</subfield><subfield code="s">Y</subfield><subfield code="t">E-RESOURCE</subfield><subfield code="u">7/4/2014</subfield><subfield code="x">E-BOOK</subfield><subfield code="z">CRC</subfield></datafield></record>